<?xml version="1.0" encoding="UTF-8"?><collection xmlns="http://www.loc.gov/MARC21/slim"><record><leader>00390nam--2200133-i-4500</leader><controlfield tag="001">000020584</controlfield><controlfield tag="002">20161230</controlfield><controlfield tag="005">20161230201033</controlfield><controlfield tag="008">060222s1000------------r-----000-0-eng-d</controlfield><datafield ind1=" " ind2=" " tag="080"><subfield code="a">539.171.11(043)</subfield></datafield><datafield ind1=" " ind2=" " tag="100"><subfield code="a">Haiduc, Maria</subfield></datafield><datafield ind1=" " ind2=" " tag="245"><subfield code="a">Contributii la studiul proceselor de fragmentare a nucleelor in interactiuni nucleu -nucleu. rezumat</subfield></datafield><datafield ind1=" " ind2=" " tag="260"><subfield code="a">Bucuresti, I.A.A., 1995</subfield></datafield><datafield ind1=" " ind2=" " tag="852"><subfield code="a">80460</subfield></datafield></record></collection>